@misc{uiuc_airfoil_database,
  author = {Selig, Michael},
  title = {{UIUC Airfoil Data Site}},
  year = {1996},
  url = {https://m-selig.ae.illinois.edu/ads.html},
}


@thesis{tao_bs_thesis,
    title = {Design of a Series of Airfoils for the {PSU} {Zephyrus} Human-Powered Aircraft},
    author = {Tao, Tony S.},
    year = {2010},
    school = {Pennsylvania State University},
    type = {Bachelor's Thesis},

}

@article{kuzmin2012non,
  title={Non-unique transonic flows over airfoils},
  author={Kuzmin, Alexander},
  journal={Computers \& Fluids},
  volume={63},
  pages={1--8},
  year={2012},
  publisher={Elsevier}
}

@article{morgado2016xfoil,
  title={{XFOIL} vs {CFD} performance predictions for high lift low {Reynolds} number airfoils},
  author={Morgado, J and Vizinho, R and Silvestre, MAR and P{\'a}scoa, JC},
  journal={Aerospace Science and Technology},
  volume={52},
  pages={207--214},
  year={2016},
  publisher={Elsevier}
}

@article{he2019robust,
  title={Robust aerodynamic shape optimization—from a circle to an airfoil},
  author={He, Xiaolong and Li, Jichao and Mader, Charles A and Yildirim, Anil and Martins, Joaquim RRA},
  journal={Aerospace Science and Technology},
  volume={87},
  pages={48--61},
  year={2019},
  publisher={Elsevier}
}

@article{liebeck1973class,
  title={A class of airfoils designed for high lift in incompressible flow},
  author={Liebeck, Robert H},
  journal={Journal of Aircraft},
  volume={10},
  number={10},
  pages={610--617},
  year={1973}
}

@article{eleshaky1993airfoil,
  title={Airfoil shape optimization using sensitivity analysis on viscous flow equations},
  author={Eleshaky, Mohamed E and Baysal, Oktay},
  year={1993}
}

@manual{mses,
    title = {A User’s Guide to MSES 3.05},
    author = {Mark Drela},
    organization = {Massachusetts Institute of Technology},
    address = {Cambridge, MA, USA},
    year = {2007},
    howpublished = {\url{https://web.mit.edu/drela/Public/web/mses/}},
}


@misc{profil,
    title = {Airfoil Design and Data},
    author = {Eppler, Richard},
    year = {1990},
}

@book{wahba,
    author = {Grace Wahba},
    title = {Spline Models for Observational Data},
    year = {1990},
}

@book{elements_of_statistical_learning,
    edition = {2},
    title = {The {Elements} of {Statistical} {Learning}: {Data} {Mining}, {Inference}, and {Prediction}},
    url = {https://hastie.su.domains/ElemStatLearn/},
    language = {en},
    year = {2017},
    author = {{Trevor Hastie} and {Robert Tibshirani} and {Jerome Friedman}},
    publisher = {Springer Series in Statistics},
}


@article{unified_propellers,
    title = {{MIT Unified Engineering Course Notes, Thermodynamics and Propulsion}: Performance of Propellers},
    author = {Spakovszky, Zoltan and E. M. Greitzer and I. A. Waitz},
    url = {https://web.mit.edu/16.unified/www/FALL/thermodynamics/notes/node86.html},
    year = {2007},
}

@book{brunton,
	title = {Data {Driven} {Science} \& {Engineering}},
	language = {en},
	author = {Brunton, Steven L and Kutz, J Nathan},
	year = {2017},
	file = {Brunton and Kutz - 2017 - Data Driven Science & Engineering.pdf:C\:\\Users\\peter\\Zotero\\storage\\4JIQ5JL2\\Brunton and Kutz - 2017 - Data Driven Science & Engineering.pdf:application/pdf},
}

@book{surrogates,
  title = {Surrogates: {G}aussian Process Modeling, Design and Optimization for the Applied Sciences},
  author = {Robert B. Gramacy},
  publisher = {Chapman Hall/CRC},
  address = {Boca Raton, Florida},
  note = {\url{http://bobby.gramacy.com/surrogates/}},
  year = {2020}
}